%%% keith.bib%%% Modified 03/14/96 by MSR.%%% Modified 02/04/97 by KES.%%% ABBREVIATIONS@string{TAC = "IEEE Trans. Aut. Control"}@string{IJC = "Int. J. Control"}@string{SICON = "SIAM J. Control Opt."}@string{SIAMJC = "SIAM J. Cont."}@string{SISSC = "SIAM J. Sci. Statist. Comput."}@string{SISC = "SIAM J. Sci. Comput."}@string{SIMAX = "SIAM J. Matrix Anal. Appl."}@string{SINUM = "SIAM J. Numer. Anal."}@string{SIREV = "SIAM Review"}@string{LAA = "Lin. Alg. Appl."}@string{MCSS = "Math. of Control, Signals, and Systems"}@string{SCL = "Sys. Control Lett."}@string{IEEECAS = "IEEE Trans. Circ. Syst."}@string{IEEEIT = "IEEE Trans. Info. Theory"}@string{ProcIEEE = "Proc. IEEE"}@string{ProcCDC = "Proc. IEEE Conf. Decis. Control"}@string{ProcACC = "Proc. Amer. Contr. Conf."}@string{TOMS = "ACM Trans. Math. Software"}%%% ENTRIES@book{Ford88,   author =    {W. Ford and W. Topp},   title =     {{MC68000} Assembly Language and Systems Programming},   publisher = {D.C. Heath},   address =   {Lexington, MA},   year =      {1988},}@unpublished{Laub96,   author =  {A.J. Laub},   title =   {Computational Matrix Analysis},   note =    {Class notes for ECE 234 and ECE 231A},}@techreport{OLeary99,   author =  {D. P. O'Leary},   title =   {Near-Optimal Parameters for Tikhonov and Other Regularization Methods},   institution = {CS Dept., University of Maryland},   year =      {1999},   note =      {CS-TR-4004},}%   note =    {Covers a good technique to pick Tikhonov parameters.},@incollection{Ljung96,   author =    {L. Ljung},   title =     {System Identification},   booktitle = {The Control Handbook},   publisher = {CRC Press},   year =      {1996},}@incollection{onoffid,   author =    {M. Moonen and B. De Moor and L. Vandenberghe and J. Vandewalle},   title =     {On- and Off-line Identifiation of Linear State-Space Models},   booktitle = {Numerical Linear Algebra Techniques for Systems and Control},   editor =    {R. V. Patel and A. J. Laub and P. M. Van Dooren},   publisher = {IEEE Press},   year =      {1994},}@incollection{Eckhardt75,   author =  {U. Eckhardt},   title =   {On an optimization problem related to minimal surfaces with obstacles},   booktitle = {Optimization and optimal control},   editor =    {R. Bulirsch and W. Oettli and J. Stoer},   publisher = {Springer-Verlag},   year =      {1975},}%   note = {More work on solving sum of euclidean norms problem by series of linear least squares},@incollection{Schechter70,   author =  {S. Schechter},   title =   {Minimization of a Convex Function by Relaxation},   booktitle = {Integer and Nonlinear Programming},   editor =    {J. Abadie},   publisher = {North-Holland},   year =      {1970},   pages = {177-190},}%   note = {More work on solving sum of euclidean norms problem by series of linear least squares},@inproceedings{Verhaegen97,   author =    {M. Verhaegen},   title =     {Identification of Continuous-time MIMO State-Space Models from                 Sampled Data, in the Presence of Process and Measurement Noise},   booktitle = {Proceedings of the Workshop Mathematics for Systems},   year =      {1997},}@inproceedings{Cull80,   author =    {J. Cullum},   title =     {Ill-posed Deconvolutions: Regularization and Singular Value Decompositions},   booktitle = {Proceedings 19th IEEE Conference on Decision and Control},   volume    = {1},   year =      {1980},   pages     = {29-35},}@manual{ANSI85,   title =        {{IEEE} Standard for Binary Floating-Point Arithmetic},   organization = {American National Standards Institute},   year =         {1985},}@manual{PPC94,   title =        {Inside Macintosh: PowerPC Numerics},   organization = {Apple Computer, Inc.},   publisher =    {Addison-Wesley},   address =      {Reading, MA},   year =         {1994},}@manual{SIT91,   title =        {System Identification Toolbox User's Guide},   organization = {The Math Works, Inc.},   author =       {L. Ljung},   address =      {Natick, MA},   year =         {1991},}@article{Overton83,   author =  {M. L. Overton},   title =   {A Quadratically Convergent Method for Minimizing a Sum of Euclidean Norms},   journal = {Mathematical Programming},   year =    {1983},   volume  = {27},   pages   = {34-63},}%   note =    {One way to solve the minmax multi-column perturbation proplem.  Best convergence I have seen.},%}@article{Calamai80,   author =  {P.H. Calamai and A.R. Conn},   title =   {A stable algorithm for solving the multifacility location problem involving Euclidean distances},   journal = {SIAM Journal on Scientific and Statistical Computing},   year =    {1980},   volume  = {1},   pages   = {512-526},}%   note =    {Another quadratically convergent method for the sum of Euclidean norms},@article{Cordellier78,   author =  {F. Cordellier and J.Ch. Giorot},   title =   {On the Fermat-Weber problem with convex cost functionals},   journal = {Mathematical Programming},   year =    {1978},   volume  = {14},   pages   = {295-311},}%   note =    {Convex Programming method of solving multi-column problem},@article{Eckhardt80,   author =  {U. Eckhardt},   title =   {Weber's Problem and Weiszfeld's algorithm in general spaces},   journal = {Mathematical Programming},   year =    {1980},   volume  = {18},   pages   = {186-196},}%   note =    {Solve multi-column problem by a series of linear least squares problems},@article{Eyster73,   author =  {J.W. Eyster and J.A. White and W.W. Wierwille},   title =   {On solving multifacility location problems using a hyperboloid approximation procedure},   journal = {AIIE Transactions},   year =    {1973},   volume  = {5},   pages   = {1-6},}%   note =    {Solve multi-column problem by hyperboloid approximation procedure.},@article{Kuhn73,   author =  {H.W. Kuhn},   title =   {A note on Fermat's problem},   journal = {Mathematical Programming},   year =    {1973},   volume  = {4},   pages   = {98-107},}%   note =    {Advocates Weiszfeld's series of linear least squares problems approach to sum of Euclidean norms problem.},@article{Love69,   author =  {R.F. Love},   title =   {Locating facilities in three-dimensional space by convex programming},   journal = {Naval Research Logistics Quarterly},   year =    {1969},   volume  = {16},   pages   = {503-516},}%   note =    {Uses convex programming to solve sum of Euclidean norms problem.},@article{Voss80,   author =  {H. Voss and U. Eckhardt},   title =   {Linear convergence of generalized Weiszfeld's method},   journal = {Computing},   year =    {1980},   volume  = {25},   pages   = {243-251},}%   note =    {Proves some convergence properties for Weiszfeld's method},@article{Weiszfeld37,   author =  {E. Weiszfeld},   title =   {Sur le point par lequel la somme des distances de n points donnés est minimum},   journal = {Tohoku Mathematics Journal},   year =    {1937},   volume  = {43},   pages   = {355-386},}%   note =    {Not in English, but the main reference to modern solutions to sum of Euclidean norms problem.},@article{GL97,   author =  {L. El Ghaoui. and H. Lebret },   title =   {Robust Solutions to Least-Squares Problems with Uncertain Data},   journal = {SIMAX},   year =    {1997},   volume  = {18},   number  = {4},   pages   = {1035-1064},}%   note =    {Minmax problem by LMI techniques.},%}@article{Keith01,   author =  {S. Chandrasekaran and M. Gu and A. H. Sayed and K. E. Schubert},   title =   {The Degenerate Bounded Errors-In-Variables Model},   journal = {SIMAX},   year    = {2001},   volume  = {23},   number  = {1},   pages   = {138-166},}%   note =    {Submitted to SIMAX June 1, 1999},%}@article{cggs,   author  = {S. Chandrasekaran and G. H. Golub and M. Gu and A. H. Sayed},   title   = {Parameter Estimation in the Presence of Bounded Data Uncertainties},   journal = {SIMAX},   year    = {1998},   volume  = {19},   number  = {1},   pages   = {235-252},}%   note    = {This covers the minmax problem.},%}@article{cgs99,   author  = {S. Chandrasekaran and G. H. Golub and M. Gu and A. H. Sayed},   title   = {An Efficient Algorithm for a Bounded Errors-in-Variables Model},   journal = {SIMAX},   year    = {1999},   volume  = {20},   number  = {4},   pages   = {839-859},}%   note    = {This paper covers the non-degenerate minmin problem.},%}@article{sc,   author  = {A. H. Sayed and S. Chandrasekaran},   title   = {Estimation in the Presence of Multiple Sources of               Uncertainties with Applications},   journal = {},   year    = {},   volume  = {},   number  = {},   pages   = {},}%   note    = {This paper has radar problem. Never Published},%}@article{gw01,   author  = {G. A. Watson},   title   = {Data Fitting Problems with Bounded Uncertainties in    the Data},   journal = {SIMAX},   year    = {2001},   volume  = {22},   number  = {4},   pages   = {1274-1293},}%   note    = {This paper has radar problem.},%}@article{Gu98,   author  = {Ming Gu},   title   = {Backward Perturbation Bounds for Linear Least Squares Prolems},   journal = {SIMAX},   year    = {1998},   volume  = {20},   pages   = {363-372},}%   note    = {This paper shows an easier way to get approximate bounds for showing backward %              stability and provideds  a  connection between numerical stability in Stewart's %              definition and backward stability as Ming defines it.},@article{govl,   author  = {G. H. Golub and C. F. Van Loan},   title   = {An Analysis of the Total Least Squares Problem},   journal = {SIMAX},   year    = {1980},   volume  = {17},   pages   = {883-893},}@article{GHO99,   author  = {G. H. Golub and P. C. Hansen and D. P. O'Leary},   title   = {Tikhonov Regularization and Total Least Squares},   journal = {SIMAX},   year    = {1999},   volume  = {30},   pages   = {185-194},   number  = {1},}%   note    = {This paper covers how robustness can be added to the TLS problem %              by augmenting the TLS problem with a Tikhonov problem as opposed %              to truncating small singular values.},@article{WKS95,   author  = {B. Walden and R. Karlson and J. Sun},   title   = {Optimal Backward Perturbation Bounds for the Linear Least Squares Problem},   journal = {Numerical Linear Algebra with Applications},   year    = {1995},   pages   = {271-286},}%   note    = {This paper describes a similar way to perform the minimization over E in %              the degenerate section.},% for wks95, don't know volume%   number  = {2},@article{FGHO97,   author  = {R. D. Fierro and G. H. Golub and P. C. Hansen and D. P. O'Leary},   title   = {Regularization by Truncated Total Least Squares},   journal = {SISC},   year    = {1997},   volume  = {18},   pages   = {1223-1241},}%   note    = {This paper covers how robustness can be added to the TLS problem %              by truncating small singular values.},@article{hv97,   author  = {P. D. Hough and S. A. Vavasis},   title   = {Complete Orthogonal Decomposition For Weighted    Least Squares},   journal = {SIMAX},   year    = {1997},   volume  = {18},   pages   = {369-392},}@article{stew89,   author  = {G. W. Stewart},   title   = {On Scaled Projections and Pseudoinverses},   journal = {Linear Algebra Appl.},   year    = {1989},   volume  = {112},   pages   = {189-193},}@article{Todd90,   author  = {M. J. Todd},   title   = {A Dantzig-Wolfe-Like Variant of Karmarkar's    Interior-Point Linear Programming Algorithm},   journal = {Oper. Res.},   year    = {1990},   volume  = {38},   pages   = {1006-1018},}@article{vav94,   author  = {S. A. Vavasis},   title   = {Stable Numerical Algorithms For Equilibrium Systems},   journal = {SIMAX},   year    = {1994},   volume  = {15},   pages   = {1108-1131},}@article{strang88,   author  = {G. Strang},   title   = {A Framework for Equilibrium Equations},   journal = {SIREV},   year    = {1988},   volume  = {30},   pages   = {283-297},}@article{benbow99,   author  = {S. J. Benbow},   title   = {Solving Generalized Least-Squares Problems With    LSQR},   journal = {SIMAX},   year    = {1999},   volume  = {21},   pages   = {165-177},}@article{paige79a,   author  = {C. C. Paige},   title   = {Computer Solution and Perturbation Analysis of    Generalized Least Squares Problems},   journal = {Math. Comp.},   year    = {1979},   volume  = {33},   pages   = {171-184},}@article{paige79b,   author  = {C. C. Paige},   title   = {Fast Numerically Stable Computations for     Generalized Linear Least Squares Problems},   journal = {SINUM},   year    = {1979},   volume  = {16},   pages   = {165-171},}@article{ghw79,   author  = {G. H. Golub and M. Heath and G. Wahba},   title   = {Generalized Cross-Validation as a Method for    Chosing a Good Ridge Parameter},   journal = {Technometrics},   year    = {1979},   volume  = {21},   pages   = {215-223},}@article{eld85,   author  = {L. Eld\`en},   title   = {A Note on the Computation of the Generalized    Cross-Validation Function for Ill-Conditioned Least Squares    Problems},   journal = {BIT},   year    = {1985},   volume  = {24},   pages   = {467-472},}@article{eld80,   author  = {L. Eld\`en},   title   = {Perturbation Theory for the Least Squares Problem    with Linear Equality Constraints},   journal = {SINUM},   year    = {1980},   volume  = {17},   pages   = {338-350},}@article{eld83,   author  = {L. Eld\`en},   title   = {A Weighted Pseudoinverse, Generalize Singular    Values, and Constrained Least Squares Problems},   journal = {BIT},   year    = {1983},   volume  = {22},   pages   = {487-502},}@article{fg65,   author  = {G. E. Forsythe and G. H. Golub},   title   = {On the Stationary Values of a Second-Degree    Polynomial on the Unit Sphere},   journal = {SIAM J. App. Math.},   year    = {1965},   volume  = {14},   pages   = {1050-1068},}@article{gan81,   author  = {W. Gander},   title   = {Least Squares with a Quadratic Constraint},   journal = {Numer. Math.},   year    = {1981},   volume  = {36},   pages   = {291-307},}@article{stew84,   author  = {G. W. Stewart},   title   = {On the Asymptotic Behavior of Scaled Singular Value    and QR Decompositions},   journal = {Math. Comp.},   year    = {1984},   volume  = {43},   pages   = {483-490},}@article{eld77,   author  = {L. Eld\`en},   title   = {Algorithms for the Regularization of    Ill-Conditioned Least Squares Problems},   journal = {BIT},   year    = {1977},   volume  = {17},   pages   = {134-145},}@article{bjorck84,   author  = {\.A. Bj\" orck},   title   = {A General Updating Algorithm for Constrained    Linear Least Squares Problems},   journal = {SISSC},   year    = {1984},   volume  = {5},   pages   = {394-402},}@article{eld84,   author  = {L. Eld\`en},   title   = {An Algorithm for the Regularization of    Ill-Conditioned, Banded Least Squares Problems},   journal = {SISSC},   year    = {1984},   volume  = {5},   pages   = {237-254},}@article{ols81,   author  = {D. P. O'Leary and J. A. Simmons},   title   = {A Bidiaonalization-Regularization Procedure for    Large Scale Discreizations of Ill-Posed Problems},   journal = {SISSC},   year    = {1981},   volume  = {2},   pages   = {474-489},}@article{scst79,   author  = {K. Schittkowski and J. Stoer},   title   = {A Factorization Method for the Solution of    Constrained Linear Least Squares Problems Allowing for    Subsequent Data Changes},   journal = {Numer. Math.},   year    = {1979},   volume  = {31},   pages   = {431-463},}@article{cline73,   author  = {A. K. Cline},   title   = {An Elimination Method for the Solution of Linear    Least Squares Problems},   journal = {SINUM},   year    = {1973},   volume  = {10},   pages   = {283-289},}@article{pw70,   author  = {G. Peters and J. H. Wilkinson},   title   = {The Least Squares Problem and Pseudo-Inverses},   journal = {Comp. J.},   year    = {1970},   volume  = {13},   pages   = {309-316},}@article{cox81,   author  = {M. G. Cox},   title   = {The Least Squares Solution of Overdetermined    Linear Equations Having Gand or Augmented Band Structure},   journal = {IMA J. Numer. Anal.},   year    = {1981},   volume  = {1},   pages   = {3-22},}@article{cyb84,   author  = {G. Cybenko},   title   = {The Numerical Stability of the Lattice Algorithm    for Least Squares Linear Prediction Problems},   journal = {BIT},   year    = {1984},   volume  = {24},   pages   = {441-455},}@article{duff74,   author  = {I. S. Duff},   title   = {Pivot Selection and Row Ordering in Givens    Reduction on Sparse Matrices},   journal = {Computing},   year    = {1974},   volume  = {13},   pages   = {239-248},}@article{gehe80,   author  = {J. A. George and M. T. Heath},   title   = {Solution of Sparse Linear Least Squares Problems    Using Givens Rotations},   journal = {Lin. Alg. and Its Applic.},   year    = {1980},   volume  = {34},   pages   = {69-83},}@article{kp81,   author  = {S. Kourouklis and C. C. Paige},   title   = {A Constrained Least Squares Approach to the General    Gauss-Markov Linear Model},   journal = {J. Amer Stat. Assoc.},   year    = {1981},   volume  = {76},   pages   = {620-625},}@article{paige85,   author  = {C. C. Paige},   title   = {The General Limit Model and the Generalized    Singular Value Decomposition},   journal = {Lin. Alg. and Its Aplic.},   year    = {1985},   volume  = {70},   pages   = {269-284},}@article{bjorck67,   author  = {\.A. Bj\" orck},   title   = {Iterative Refinement of Linear Least Squares    Solutions I},   journal = {BIT},   year    = {1967},   volume  = {7},   pages   = {257-278},}@article{bjorck68,   author  = {\.A. Bj\" orck},   title   = {Iterative Refinement of Linear Least Squares    Solutions II},   journal = {BIT},   year    = {1968},   volume  = {8},   pages   = {8-30},}@article{bjorck87,   author  = {\.A. Bj\" orck},   title   = {Stability Analysis of the Method of Seminormal    Equations for Linear Least Squares Problems},   journal = {Linear Alg. and Its Applic.},   year    = {1987},   volume  = {88/89},   pages   = {31-48},}@article{bjgo67,   author  = {\.A. Bj\" orck and G. H. Golub},   title   = {Iterative Refinement of Linear Least Squares    Solutions by Householder Transformation},   journal = {BIT},   year    = {1967},   volume  = {7},   pages   = {322-337},}@article{gowi66,   author  = {G. H. Golub and J. H. Wilkinson},   title   = {Note on Iterative Refinement of Least Squares    Solutions},   journal = {Numerical Math.},   year    = {1966},   volume  = {9},   pages   = {139-148},}@article{hk70,   author  = {A. E. Hoerl and R. W. Kennard},   title   = {Ridge Regression: Biased Estimation for Nonorthogonal Problems},   journal = {Tecjmp,etrocs},   year    = {1970},   volume  = {12},   pages   = {55-67},}@article{Mor66,   author  = {V. A. Morozov},   title   = {On the Solution of Functional Equations by the Method of Regularization},   journal = {Soviet Math. Dokl.},   year    = {1966},   volume  = {7},   pages   = {414-417},   note    = {cited in \bb{Han98}},}@article{Han92,   author  = {P. C. Hansen},   title   = {Analysis of Discrete Ill-posed Problems by Means of the L-curve},   journal = {Siam Review},   year    = {1992},   volume  = {34},   pages   = {561-580},}@article{PR85,   author  = {J. E. Pierce and B. W. Rust},   title   = {Constrained Least Squares Interval Estimation},   journal = {SIAM Jour. Sci. Stat. Comput.},   year    = {1985},   volume  = {6},   pages   = {670-683},}@article{EG88,   author  = {H. W. Engl and H. Gfrerer},   title   = {A Posteriori Parameter Choice for General Regulariztion Methods for Solving Linear Ill-posed Problems},   journal = {Appl. Numer. Math.},   year    = {1988},   volume  = {4},   pages   = {395-417},}@article{Gfr87,   author  = {H. Gfrerer},   title   = {An A Posteriori Parameter Choice for Ordinary and Iterated Tikhonov Regularization of Ill-Posed Problems Leading to Optimal Convergence Rates},   journal = {Math. Comp.},   year    = {1987},   volume  = {49},   pages   = {507-522},}@article{HR96,   author  = {M. Hanke and T. Raus},   title   = {A General Heuristic for Choosing the Regularization Parameter in Ill-Posed Problems},   journal = {SIAM J. Sci. Comput.},   year    = {1996},   volume  = {7},   pages   = {956-972},}@article{Raus85,   author  = {T. Raus},   title   = {The Principle of the Residual in the Solution of Ill-posed Problems with Nonselfadjoint Operator},   journal = {Uchen. Zap. Tartu Gos. Univ.},   year    = {1985},   volume  = {715},   pages   = {12-20},   note    = {In Russian. Referenced in \bb{HR96}},}@article{ER74,   author  = {M. P. Ekstrom and R. L. Rhoads},   title   = {On the Application of Eigenvector Expansions to Numerical Deconvolutions},   journal = {J. of Comp. Phys.},   year    = {1974},   volume  = {14},   pages   = {395-417},}@article{Fran78,   author  = {J. N. Franklin},   title   = {Minimum Principles for Ill-posed Problems},   journal = {SIAM J. Math. Anal.},   year    = {1978},   volume  = {9},   pages   = {638-650},}@article{NS98,   author  = {A. Neubauer and O. Scherzer},   title   = {Regularization for Curve Representations: Uniform Convergence for Discontinuous Solutions of Ill-posed Problems},   journal = {SIAM J. Appl. Math.},   year    = {1998},   volume  = {58},   pages   = {1891-1900},}@article{,   author  = {},   title   = {},   journal = {},   year    = {},   volume  = {},   pages   = {},}@article{,   author  = {},   title   = {},   journal = {},   year    = {},   volume  = {},   pages   = {},}@article{,   author  = {},   title   = {},   journal = {},   year    = {},   volume  = {},   pages   = {},}@article{,   author  = {},   title   = {},   journal = {},   year    = {},   volume  = {},   pages   = {},}@article{,   author  = {},   title   = {},   journal = {},   year    = {},   volume  = {},   pages   = {},}@article{,   author  = {},   title   = {},   journal = {},   year    = {},   volume  = {},   pages   = {},}@article{,   author  = {},   title   = {},   journal = {},   year    = {},   volume  = {},   pages   = {},}@article{,   author  = {},   title   = {},   journal = {},   year    = {},   volume  = {},   pages   = {},}@article{,   author  = {},   title   = {},   journal = {},   year    = {},   volume  = {},   pages   = {},}@article{KOl98,   author  = {M. E. Kilmer and D. P. O'Leary},   title   = {Choosing Regularization Parameters in Iterative Methods for Ill-posed Problems},   journal = {SIMAX},   year    = {2001},   volume  = {22},   pages   = {1204-1221},}@techreport{Rust98,   author       = {B. W. Rust},   title        = {Truncating the Singular Value Decomposition for Ill-posed Problems},   institution  = {National Institute of Standards and Technology, U.S. Dept. of Commerce},   year         = {1998},   note         = {Tech. Report NISTIR 6131},}@book{Han98,   author  = {P. C. Hansen},   title   = {Rank-Deficient and Discrete Ill-Posed Problems},   publisher = {SIAM},   address    = {Philadelphia, PA},   year      = {1998},}@book{bjorck88,   author    = {\.A. Bj\" orck},   title     = {Least Squares Methods: Handbook of Numerical Analsis},   volume  = {1},   publisher = {Elsiver},   address    = {Holland},   year      = {1988},}@book{bjorck96,   author    = {\.A. Bj\" orck},   title     = {Numerical Methods for Least Squares Problems},   publisher = {SIAM},   address    = {Philadelphia, PA},   year      = {1996},}@book{lh95,   author    = {C. L. Lawson and R. J. Hanson},   title     = {Solving Least Squares Problems},   publisher = {SIAM},   address    = {Philadelphia, PA},   year      = {1995},}@book{cfg95,   author    = {C. F. Gauss and G. W. Stewart},   title     = {Theory of the Combination of Observations Least    Subject to Errors},   publisher = {SIAM},   address    = {Philadelphia, PA},   year      = {1995},}@book{Mendel95,   author =    {J. M. Mendel},   title =     {Lessons in Estimation Theory for Signal Processing, Communications, and Control},   publisher = {Prentice Hall},   address =   {Englewood Cliffs, NJ},   year =      {1995},}@book{vHv,   author =    {S. Van Huffel and J. Vandewalle},   title =     {The Total Least Squares Problem: Computational Aspects and Analysis},   publisher = {SIAM},   address =   {Philadelphia, PA},   year =      {1991},}@book{Stark94,   author =    {H. Stark and J. W. Woods},   title =     {Probability, Random Processes and Estimation Theory for Engineers},   publisher = {Prentice Hall},   address =   {Englewood Cliffs, NJ},   year =      {1994},}@book{Willsky79,   author =    {A. S. Willsky},   title =     {Digital Signal Processing and Control and Estimation Theory: Points of                Tangency, Areas of Intersection, and Parallel Directions},   publisher = {MIT Press},   address =   {Cambridge, Ma},   year =      {1979},}@book{Haykin91,   author =    {S. Haykin},   title =     {Adaptive Filter Theory},   publisher = {Prentice Hall},   address =   {Englewood Cliffs, NJ},   year =      {1991},}@book{Widrow85,   author =    {B. Widrow and S. D. Stearns},   title =     {Adaptive Signal Processing},   publisher = {Prentice Hall},   address =   {Englewood Cliffs, NJ},   year =      {1985},}@book{Rudin76,   author =    {W. Rudin},   title =     {Principles of Mathematical Analysis, Third Edition},   publisher = {McGraw-Hill},   address =   {New York, NY},   year =      {1976},}@book{Stewart73,   author =    {G. W. Stewart},   title =     {Introduction to Matrix Computations},   publisher = {Academic Press},   address =   {New York, NY},   year =      {1973},}@book{Ljung87,   author =    {Lenart Ljung},   title =     {System Identification: Theory for the User},   publisher = {Prentice Hall},   address =   {Englewood Cliffs, NJ},   year =      {1987},}@book{Scott-Kakures93,   author =    {D. Scott-Kakures, S. Castagnetto, H. Benson,                 W. Taschek, and P. Hurley},   title =     {History of Philosophy},   publisher = {HarperCollins},   address =   {New York, NY},   year =      {1993},}@book{GenChem,   author =    {D. A. McQuarrie and P. A. Rock},   title =     {General Chemistry},   publisher = {W. H. Freeman and Company},   address =   {New York, NY},   year =      {1987},}@book{gvl,   author =    {G. H. Golub and C. F. Van Loan},   title =     {Matrix Computations},   publisher = {The Johns Hopkins University Press},   address =   {Baltimore, Md},   year =      {1996},}@book{Intro2DSP,   author =    {J. G. Proakis and D. G. Manolakis},   title =     {Introduction to Digital Signal Processing},   publisher = {Macmillan Publishing Co.},   address =   {New York, NY},   year =      {1988},}@book{Ostrander99,   author =    {W. J. Ostrander},   title =     {Reflection Seismology},   publisher = {UCSB Bookstore Custom Publishing},   address =   {Goleta, CA},   year =      {1999},}%% EthnoMath%%originally published 1973@book{Zaslavsky73,   author =    {Claudia Zaslavsky},   title =     {Africa Counts},   publisher = {Lawrence Hill Books},   address =   {Brooklyn, NY},   year =      {1990},}%originally published 1987@book{Zaslavsky87,   author =    {Claudia Zaslavsky},   title =     {Multicultural Mathematics},   publisher = {J. Weston Walch},   address =   {Portland, ME},   year =      {1993},}@book{Zaslavsky94,   author =    {Claudia Zaslavsky},   title =     {Multicultural Math},   publisher = {Instructor Books},   address =   {New York, NY},   year =      {1994},}@book{Gerdes99,   author =    {Paulus Gerdes},   title =     {Geometry From Africa: Mathematical and Educational Explorations},   publisher = {The Mathematical Association of America},   address =   {Washington, DC},   year =      {1999},}%originally published 1991@book{Joseph91,   author =    {George Gheverghese Joseph},   title =     {The Crest of the Peacock: Non-European Roots of Mathematics},   publisher = {Princeton University Press},   address =   {Princeton, NJ},   year =      {2000},}@book{Ascher91,   author =    {Marcia Ascher},   title =     {Ethnomathematics},   publisher = {Chapman and Hall},   address =   {New York, NY},   year =      {1991},}@book{Gazale00,   author =    {Midhat Gazale},   title =     {Number: From Ahmes to Cantor},   publisher = {Princeton University Press},   address =   {Princeton, NJ},   year =      {2000},}@book{Gazale99,   author =    {Midhat Gazale},   title =     {Gnomon: From Pharaohs to Fractals},   publisher = {Princeton University Press},   address =   {Princeton, NJ},   year =      {1999},}@book{Lumpkin97,   author =    {Beatrice Lumpkin},   title =     {Algebra: Activities from Many Cultures},   publisher = {J. Weston Walch},   address =   {Portland, ME},   year =      {1997},}