@MISC{VLSItimea,
  author =       {Nigam},
  title =        {Setup and Hold times},
  howpublished = {http://nigamanth.net/vlsi/2007/09/13/setup-and-hold-times/},
  year =         {2007},
  month =        {September},
}
